1111111111111111111111111111111111111111111111111111111111111111111111111111111111111111111111111111111111111111111111111111111111111111111111111111111111111111
1111111111111111111111111111111111111111111111111111111111111111111111111111111111111111111111111111111111111111111111111111111111111111111111111111111111111111
1111111111111111111111111111111111111111111111111111111111111111111111111111111111111111111111111111111111111111111111111111111111111111111111111111111111111111
1113333331113333111133331111111111111111111133331113333311133333311311133111111311133113333331131113311311133111111111111111111111111111111111111111111111111111
1113311111133111111331133111111111111111111331133113311331133111111331133111111331333113311111133113311311133111111111111111111111111111111111111111111111111111
1113333311113333111331111111111133331111111331133113311331133333111333133111111333333113333311133313311311133111111111111111111111111111111111111111111111111111
1113311111111133311331111111111133331111111331133113333311133111111313333111111313133113311111131333311311133111111111111111111111111111111111111111111111111111
1113311111131133311331133111111111111111111331133113311111133111111311333111111311133113311111131133311311333111111111111111111111111111111111111111111111111111
1113333331113333111133331111111111111111111133331113311111133333311311133111111311133113333331131113311133331111111111111111111111111111111111111111111111111111
1111111111111111111111111111111111111111111111111111111111111111111111111111111111111111111111111111111111111111111111111111111111111111111111111111111111111111
1111111111111111111111111111111111111111111111111111111111111111111111111111111111111111111111111111111111111111111111111111111111111111111111111111111111111111
1111111111111111111111111111111111111111111111111111111111111111111111111111111111111111111111111111111111111111111111111111111111111111111111111111111111111111
0000000000000000000000000000000000000000000000000000000000000000000000000000000000000000000000000000000000000000000000000000000000000000000000000000000000000000
0000000000000000000000000000000000000000000000000000000000000000000000000000000000000000000000000000000000000000000000000000000000000000000000000000000000000000
0000000000000000000000000000000000000000000000000000000000000000000000000000000000000000000000000000000000000000000000000000000000000000000000000000000000000000
0000000000000000000000000000000000000000000000000000000000000000000000000000000000000000000000000000000000000000000000000000000000000000000000000000000000000000
0000000000000000000000000000000000000000000000000000000000000000000000000000000000000000000000000000000000000000000000000000000000000000000000000000000000000000
0000000000000000000000000000000000000000000000000000000000000000000000000000000000000000000000000000000000000000000000000000000000000000000000000000000000000000
0000000000000000000000000000000000000000000000000000000000000000000000000000000000000000000000000000000000000000000000000000000000000000000000000000000000000000
0000000000000000000000000000000000000000000000000000000000000000000000000000000000000000000000000000000000000000000000000000000000000000000000000000000000000000
0000000000000000000000000000000000000000000000000000000000000000000000000000000000000000000000000000000000000000000000000000000000000000000000000000000000000000
0000000000000000000000000000000000000000000000000000000000000000000000000000000000000000000000000000000000000000000000000000000000000000000000000000000000000000
0000000000000000000000000000000000000000000000000000000000000000000000000000000000000000000000000000000000000000000000000000000000000000000000000000000000000000
0000000000000000000000000000000000000000000000000000000000000000000000000000000000000000000000000000000000000000000000000000000000000000000000000000000000000000
0000000000000000000000000000000000000000000000000000000000000000000000000000000000000000000000000000000000000000000000000000000000000000000000000000000000000000
0000000000000000000000000000000000000000000000000000000000000000000000000000000000000000000000000000000000000000000000000000000000000000000000000000000000000000
0000000000000000000000000000000000000000000000000000000000000000000000000000000000000000000000000000000000000000000000000000000000000000000000000000000000000000
0000000000000000000000000000000000000000000000000000000000000000000000000000000000000000000000000000000000000000000000000000000000000000000000000000000000000000
0000000000000000000000003333300033000000333333000333300003333000333333000000033330003000330003333000333333003333300033333300000003333000000000000000000000000000
0000000000000000000000003300330033000000330000003003330033000000330000000000003300003300330033000000330000003300330000330000000030033300000000000000000000000000
0000000000000000000000003300330033000000333330003003330003333000333330000000003300003330330003333000333330003300330000330000000030033300000000000000000000000000
0000000000000000000000003333300033000000330000003333330000033300330000000000003300003033330000033300330000003333300000330000000033333300000000000000000000000000
0000000000000000000000003300000033000000330000003003330030033300330000000000003300003003330030033300330000003303000000330000000030033300000000000000000000000000
0000000000000000000000003300000033333300333333003003330003333000333333000000033330003000330003333000333333003300330000330000000030033300000000000000000000000000
0000000000000000000000000000000000000000000000000000000000000000000000000000000000000000000000000000000000000000000000000000000000000000000000000000000000000000
0000000000000000000000000000000000000000000000000000000000000000000000000000000000000000000000000000000000000000000000000000000000000000000000000000000000000000
0000000000000000000000000000000000000000000000000000000000000000000000000000000000000000000000000000000000000000000000000000000000000000000000000000000000000000
0000000000000000000000000000000000000000000000000000000000000000000000000000000000000000000000000000000000000000000000000000000000000000000000000000000000000000
0000000000000000000000000033333333333333333300000000000000033333333333333000000000003333000000000033333333000000000000003333333333300000000000000000000000000000
0000000000000000000000000033333333333333333300000000000000033333333333333000000000003333000000000033333333000000000000003333333333300000000000000000000000000000
0000000000000000000000000033333333333333333300000000000000033333333333333000000000003333000000000033333333000000000000003333333333300000000000000000000000000000
0000000000000000000000000033333333333333333300000000000000033333333333333000000000003333000000000033333333000000000000003333333333300000000000000000000000000000
0000000000000000000000000033333330000000333333330000000333333300000003333333300000003333333000033333333333000000000000003333333333300000000000000000000000000000
0000000000000000000000000033333330000000333333330000000333333300000003333333300000003333333000033333333333000000000000003333333333300000000000000000000000000000
0000000000000000000000000033333330000000333333330000000333333300000003333333300000003333333000033333333333000000000000003333333333300000000000000000000000000000
0000000000000000000000000033333330000000333333330000000333333300000003333333300000003333333333333333333333000000000000003333333333300000000000000000000000000000
0000000000000000000000000033333330000000333333330000000333333300000003333333300000003333333333333333333333000000000000003333333333300000000000000000000000000000
0000000000000000000000000033333330000000333333330000000333333300000003333333300000003333333333333333333333000000000000003333333333300000000000000000000000000000
0000000000000000000000000033333330000000333333330000000333333300000003333333300000003333333333333333333333000000000000003333333333300000000000000000000000000000
0000000000000000000000000033333333333333333300000000000333333300000003333333300000003333000333300033333333000000000000003333333333300000000000000000000000000000
0000000000000000000000000033333333333333333300000000000333333300000003333333300000003333000333300033333333000000000000003333333333300000000000000000000000000000
0000000000000000000000000033333333333333333300000000000333333300000003333333300000003333000333300033333333000000000000003333333333300000000000000000000000000000
0000000000000000000000000033333333333333333300000000000333333300000003333333300000003333000333300033333333000000000000003333333333300000000000000000000000000000
0000000000000000000000000033333330000333300000000000000333333300000003333333300000003333000000000033333333000000000000000000000000000000000000000000000000000000
0000000000000000000000000033333330000333300000000000000333333300000003333333300000003333000000000033333333000000000000000000000000000000000000000000000000000000
0000000000000000000000000033333330000333300000000000000333333300000003333333300000003333000000000033333333000000000000000000000000000000000000000000000000000000
0000000000000000000000000033333330000000333333330000000000033333333333333000000000003333000000000033333333000000000000003333333333300000000000000000000000000000
0000000000000000000000000033333330000000333333330000000000033333333333333000000000003333000000000033333333000000000000003333333333300000000000000000000000000000
0000000000000000000000000033333330000000333333330000000000033333333333333000000000003333000000000033333333000000000000003333333333300000000000000000000000000000
0000000000000000000000000033333330000000333333330000000000033333333333333000000000003333000000000033333333000000000000003333333333300000000000000000000000000000
0000000000000000000000000000000000000000000000000000000000000000000000000000000000000000000000000000000000000000000000000000000000000000000000000000000000000000
0000000000000000000000000000000000000000000000000000000000000000000000000000000000000000000000000000000000000000000000000000000000000000000000000000000000000000
0000000000000000000000000000000000000000000000000000000000000000000000000000000000000000000000000000000000000000000000000000000000000000000000000000000000000000
0000000000000000000000000000000000000000000000000000000000000000000000000000000000000000000000000000000000000000000000000000000000000000000000000000000000000000
0000000000000000000000000000000000000000000000000000000000000000000000000000000000000000000000000000000000000000000000000000000000000000000000000000000000000000
0000000000000000000000000000000000000000000000000000000000000000000000000000000000000000000000000000000000000000000000000000000000000000000000000000000000000000
0000000000000000000000000000000000000000000000000000000000000000000000000000000000000000000000000000000000000000000000000000000000000000000000000000000000000000
0000000000000000000000000000000000000000000000000000000000000000000000000000000000000000000000000000000000000000000000000000000000000000000000000000000000000000
0000000000000000000000000000000000000000000000000000000000000000000000000000000000000000000000000000000000000000000000000000000000000000000000000000000000000000
0000000000000000000000000000000000000000000000000000000000000000000000000000000000000000000000000000000000000000000000000000000000000000000000000000000000000000
0000000000000000000000000000000000000000000000000000000000000000000000000000000000000000000000000000000000000000000000000000000000000000000000000000000000000000
0000000000000000000000000000000000000000000000000000000000000000000000000000000000000000000000000000000000000000000000000000000000000000000000000000000000000000
0000000000000000000000000000000000000330000000000000000000000000000000000000000000000000000000000000000000000000000000000000000000000000000000000000000000000000
0000000000000000000000000000000000003003000000000000000000000000000000000000000000000000000000000000000000000000000000000000000000000000000000000000000000000000
0000000000000000000000000000000000030000300000000000000000000000000000000000000000000000000000000000000000000000000000000000000000000000000000000000000000000000
0000000000000000000000000000000000300000030000000000000000000000000000000000000000000000000000000000000000000000000000000000000000000000000000000000000000000000
0000000000000000000000000000000003000000003000000000000000000000000000000000000000000000000000000000000000000000000000000000000000000000000000000000000000000000
0000000000000000000000000000000030000000000300000000000000000000000000000000000000000000000000000000000000000000000000000000000000000000000000000000000000000000
0000000000000000000000000000000300000000000030000000000000000000000000000000000000000000000000000000000000000000000000000000000000000000000000000000000000000000
0000000000000000000000000000003000000000000003000000000000000000000000000000000000000000000000000000000000000000000000000000000000000000000000000000000000000000
0000000000000000000000000000030000000000000000300000000000000000000000000000000000000000000000000000000000000000000000000000000000000000000000000000000000000000
0000000000000000000000000000300000000000000000030000000000000000000000000000000000000000000000000000000000000000000000000000000000000000000000000000000000000000
0000000000000000000000000003000000000000000000003000000000000000000000000000000000000000000000000000000000000000000000000000000000000000000000000000000000000000
0000000000000000000000000030000000000000000000000300000000000000000000000000000000000000000000000000000000000000000000000000000000000000000000000000000000000000
0000000000000000000000000300000000000000000000000030000000000000000000000000000000000000000000000000000000000000000000000000000000000000000000000000000000000000
0000000000000000000000003000000000000000000000000003000000000000000000000000000000000000000000000000000000000000000000000000000000000000000000000000000000000000
0000000000000000000000030000000000000000000000000000300000000000000000000000000000000000000000000000000000000000000000000000000000000000000000000000000000000000
0000000000000000000000300000000000000000000000000000030000000000000000000000000000000000000000000000000000000000000000000000000000000000000000000000000000000000
0000000333333000000003000000000000000000000000000000003000000000000000000000000000000000000000000000000000000000000000000000000000000000000000033333300000000000
0000003003300300000030000000000000000000000000000000000300000000000000000000000000000000000000000000000000000000000000000000000000000000000000300330030000000000
0000003030030300000300000000000000000000000000000000000030000000000000000000000000000000000000000000000000000000000000000000000000000000000000303003030000000000
0000003000330300003000000000000000000000000000000000000003000000000000000000000000000000000000000000000000000000000000000000000000000000000000300033030000000000
0000003003300300030000000000000000000000000000000000000000300000000000000000000000000000000000000000000000000000000000000000000000000000000000300330030000000000
0000003000000300300000000000000000000000000000000000000000030000000000000000000000000000000000000000000000000000000000000000000000000000000000300000030000000000
0000003003300303000000000000000000000000000000000000000000003000000000000000000000000000000000000000000000000000000000000000000000000000000000300330030000000000
0000000333333030000000000000000000000000000000000000000000000300000000000000000000000000000000000000000000000000000000000000000000000000000000033333300000000000
0000000000000300000000000000000000000000000000000000000000000030000000000000000000000000000000000000000000000000000000000000000000000000000000000000000000000000
0000000000003000000000000000000000000000000000000000000000000003000000000000000000000000000000000000000000000000000000000000000000000000000000000000000000000000
0000000000030000000000000000000000000000000000000000000000000000300000000000000000000000000000000000000000000000000000000000000000000000000000000000000000000000
0000000000300000000000000000000000000000000000000000000000000000030000000000000000000000000000000000000000000000000000000000000000000000000000000000000000000000
0000000003000000000000000000000000000000000000000000000000000000003000000000000000000000000000000000000000000000000000000000000000000000000000000000000000000000
0000000030000000000000000000000000000000000000000000000000000000000300000000000000000000000000000000000000000000000000000000000000000000000000000000000000000000
0000000300000000000000000000000000000000000000000000000000000000000030000000000000000000000000000000000000000000000000000000000000000000000000000000000000000000
0000003000000000000000000000000000000000000000000000000000000000000003000000000000000000000000000000000000000000000000000000000000000000000000000000000000000000
0000030000000000000000000000000000000000033300033300000000000000000000300000000000000000000000000000000000000000000000000000000000000000000000000000000000000000
0000300000000000000000000000000000000000300030300030000000000000000000030000000000000000000000000000000000000000000000000000000000000000000000000000000000000000
0003000000000000000000000000000000000003003333330003000000000000000000003000000000000000000000000000000000000000000000000000000000000000000000000000000000000000
0030000000000000000000000000000000000003003033003003000000000000000000000300000000000000000000000000000000000000000000000000000000000000000000000000000000000000
0300000000000000000000000000000000000000030003000300000000000000000000000030000000000000000000000000000000000000000000000000000000000000000000000000000000000000
3000000000000000000000000000000000000000030003000300000000000000000000000003000000000000000000000000000000000000000000000000000000000000000000000000000000000000
0000000000000000000000000000000000000000000003000000000000000000000000000000300000000000000000000000000000000000000000000000000000000000000000000000000000000000
0000000000000000000000000000000000000000000003000000000000000000000000000000030000000000000000000000000000000000000000000000000000000000000000000000000000000000
0000000000000000000000000333000333000000000003000000000000000000000000000000003000000000000000000000000000000000000000000000000000000000000000000000000000000000
0000000000000000000000003000303000300000000003000000000000000000000000000000000300000000000000000000000000000000000000000000000000000000000000000000000000000000
3000000000000000000000030033333300030000000003000000000000000000000000000000000030000000000000000000000000000000000000000000000000000000000000000000000000000000
0300000000000000000000030030330030030000000003000000000000000000000000000000000003000000000000000000000000000000000000000000000000000000000000000000000000000000
0030000000000000000000000300030003000000000003000000000333000000000000000000000000300000000000000000000000000000000000000000000000000000000000000000000000000000
0003000000000000000000000300030003000000000003000000003333333000000000000000000000030000000000000000000000000000000000000000000000000000000000000000000000000000
0000300000000000000000000000030000000000000003000000033311310000000000000000000000003000000000000000000000000000000000000000000000000000000000000000000000000000
0000030000000000000000000000030000000000000003000000331331111000000000000000000000000300000000000000000000000000000000000000000000000000000000000000000000000000
0000003000000000000000000000030000000000000003000000331111331000000000000000003333000030000000000000000000000000000000000000000000000000000000000000000000000000
0000000300000000000000000000030000000000000003000000001111110000000000000000033333300003000000000000000000000000000000000000000000000000000000000000000000000000
0000000030000000000000000000030000000000000003000000033233200000000000000000330330330000300000000000000000000000000000000000000000000000000000000000000000000000
0000000003000000000000000000030000000000000003000000333233233000000000000000330330330000030000000000000000000000000000000000000000000000000000000000000000000000
0000000000300000000000000000030000000000000003000000113022033100000000000000333333330000003000000000000000000000000000000000000000000000000000000000000000000000
0000000000030000000000000000030000000000000003000000112222221100000000000000001111000000000300000000000000000000000000000000000000000000000000000000000000000000
0000000000003000000000000000030000000000000003000000003300330000000000000000031113300000000030000000000000000000000000000000000000000000000000000000000000000000
0000000000000300000000000000030000000000000003000000033300333000000000000000033033000000000003000000000000000000000000000000000000000000000000000000000000000000
3333333333333333333333333333333333333333333333333333333333333333333333333333333333333333333333333333333333333333333333333333333333333333333333333333333333333333
0000000000000000000000000000000000000000000000000000000000000000000000000000000000000000000000000000000000000000000000000000000000000000000000000000000000000000
3333333333333333333333333333333333333333333333333333333333333333333333333333333333333333333333333333333333333333333333333333333333333333333333333333333333333333
3333333333333333333333333333333333333333333333333333333333333333333333333333333333333333333333333333333333333333333333333333333333333333333333333333333333333333
3333333333333333333333333333333333333333333333333333333333333333333333333333333333333333333333333333333333333333333333333333333333333333333333333333333333333333
1131111111311111113111111131111111311111113111111131111111311111113111111131111111311111113111111131111111311111113111111131111111311111113111111131111111311111
1111111311111113111111131111111311111113111111131111111311111113111111131111111311111113111111131111111311111113111111131111111311111113111111131111111311111113
1311131113111311131113111311131113111311131113111311131113111311131113111311131113111311131113111311131113111311131113111311131113111311131113111311131113111311
1111111111111111111111111111111111111111111111111111111111111111111111111111111111111111111111111111111111111111111111111111111111111111111111111111111111111111
1111111111111111111111111111111111111111111111111111111111111111111111111111111111111111111111111111111111111111111111111111111111111111111111111111111111111111
3333333333333333333333333333333333333333333333333333333333333333333333333333333333333333333333333333333333333333333333333333333333333333333333333333333333333333
2222222222222222222222222222222222222222222222222222222222222222222222222222222222222222222222222222222222222222222222222222222222222222222222222222222222222222
3333333333333333333333333333333333333333333333333333333333333333333333333333333333333333333333333333333333333333333333333333333333333333333333333333333333333333
2222222222222222222222222222222222222222222222222222222222222222222222222222222222222222222222222222222222222222222222222222222222222222222222222222222222222222
3333333333333333333333333333333333333333333333333333333333333333333333333333333333333333333333333333333333333333333333333333333333333333333333333333333333333333
3333333333333333333333333333333333333333333333333333333333333333333333333333333333333333333333333333333333333333333333333333333333333333333333333333333333333333
